<record><leader>00000cas a22000007a 4500</leader><controlfield tag="001">17368630</controlfield><controlfield tag="008">880121c19uu9999txuwr ne      0    0eng d</controlfield><datafield ind1=" " ind2=" " tag="010"><subfield code="a">sn 88083035 </subfield></datafield><datafield ind1=" " ind2=" " tag="040"><subfield code="a">PPM</subfield><subfield code="b">eng</subfield><subfield code="c">PPM</subfield><subfield code="d">OCLCQ</subfield></datafield><datafield ind1=" " ind2=" " tag="042"><subfield code="a">msc</subfield></datafield><datafield ind1="0" ind2="0" tag="245"><subfield code="a">Observer of Humble.</subfield></datafield><datafield ind1=" " ind2=" " tag="260"><subfield code="a">Humble, Tex. :</subfield><subfield code="b">Great Northern Pub. Co.</subfield></datafield><datafield ind1=" " ind2=" " tag="310"><subfield code="a">Weekly</subfield></datafield><datafield ind1=" " ind2=" " tag="588"><subfield code="a">Description based on: Vol. 10, no. 5 (Nov. 12, 1985).</subfield></datafield><datafield ind1=" " ind2=" " tag="752"><subfield code="a">United States</subfield><subfield code="b">Texas</subfield><subfield code="c">Harris</subfield><subfield code="d">Humble.</subfield></datafield><datafield ind1="0" ind2=" " tag="775"><subfield code="t">Observer of East Montgomery County</subfield><subfield code="w">(DLC)sn 88083037</subfield></datafield><datafield ind1="0" ind2="0" tag="780"><subfield code="t">Humble news-messenger</subfield><subfield code="w">(DLC)sn 88083036</subfield></datafield></record>